<record><leader>00000cas a22000007a 4500</leader><controlfield tag="001">13161538</controlfield><controlfield tag="008">860217d19151918idudn ne      0    0eng d</controlfield><datafield ind1=" " ind2=" " tag="010"><subfield code="a">sn 86091173 </subfield></datafield><datafield ind1=" " ind2=" " tag="040"><subfield code="a">UNP</subfield><subfield code="b">eng</subfield><subfield code="c">UNP</subfield><subfield code="d">DLC</subfield><subfield code="d">NVB</subfield><subfield code="d">OCLCQ</subfield><subfield code="d">OCLCF</subfield><subfield code="d">OCLCO</subfield></datafield><datafield ind1="1" ind2=" " tag="029"><subfield code="a">AU@</subfield><subfield code="b">000025796810</subfield></datafield><datafield ind1=" " ind2=" " tag="042"><subfield code="a">msc</subfield></datafield><datafield ind1=" " ind2="4" tag="050"><subfield code="a">AN2.I2</subfield><subfield code="b">W662</subfield></datafield><datafield ind1="0" ind2="0" tag="245"><subfield code="a">Wood River daily times.</subfield></datafield><datafield ind1=" " ind2=" " tag="260"><subfield code="a">Hailey, Idaho :</subfield><subfield code="b">T.E. Picotte,</subfield><subfield code="c">1915-</subfield></datafield><datafield ind1=" " ind2=" " tag="300"><subfield code="a">v. :</subfield><subfield code="b">ill.</subfield></datafield><datafield ind1=" " ind2=" " tag="310"><subfield code="a">Daily (except Sun.)</subfield></datafield><datafield ind1="0" ind2=" " tag="362"><subfield code="a">33rd year (Feb. 27, 1915)-34th year (Aug. 9, 1915) ; 34th year, no. 34 (Aug. 10, 1915)-</subfield></datafield><datafield ind1="1" ind2=" " tag="362"><subfield code="a">Ceased in Dec. 1918.</subfield></datafield><datafield ind1=" " ind2="0" tag="651"><subfield code="a">Hailey (Idaho)</subfield><subfield code="v">Newspapers.</subfield></datafield><datafield ind1=" " ind2="7" tag="655"><subfield code="a">Newspapers.</subfield><subfield code="2">fast</subfield><subfield code="0">(OCoLC)fst01423814</subfield></datafield><datafield ind1=" " ind2="7" tag="651"><subfield code="a">Idaho</subfield><subfield code="z">Hailey.</subfield><subfield code="2">fast</subfield><subfield code="0">(OCoLC)fst01223629</subfield></datafield><datafield ind1=" " ind2=" " tag="752"><subfield code="a">United States</subfield><subfield code="b">Idaho</subfield><subfield code="c">Blaine</subfield><subfield code="d">Hailey.</subfield></datafield><datafield ind1="0" ind2=" " tag="775"><subfield code="t">Wood River times (Hailey, Idaho : Weekly)</subfield><subfield code="w">(DLC)sn 86091174</subfield></datafield><datafield ind1="0" ind2="0" tag="780"><subfield code="t">Wood River times (Hailey, Idaho : Daily)</subfield><subfield code="w">(DLC)sn 86091172</subfield><subfield code="w">(OCoLC)13162427</subfield></datafield><datafield ind1="0" ind2="7" tag="785"><subfield code="t">Daily Wood River news-miner</subfield><subfield code="w">(DLC)sn 86091176</subfield><subfield code="w">(OCoLC)13161655</subfield></datafield><datafield ind1="0" ind2="7" tag="785"><subfield code="t">Daily Wood River times-news-miner</subfield><subfield code="w">(DLC)sn 86091179</subfield><subfield code="w">(OCoLC)13162384</subfield></datafield></record>